@article{acm-brent-1978,
  author = "Richard P. Brent",
  title = "A {Fortran} Multiple-Precision Arithmetic Package",
  journal = "ACM Trans. Math. Softw.",
  volume = 4,
  number = 1,
  pages = "57--70",
  year = 1978,
  note = "\href{http://dx.doi.org/10.1145/335769.355775}
                  {doi:10.1145/335769.355775}",
}

@article{ane-forget-2014,
  author = "Benoit Forget and Sheng Xu and Kord Smith",
  title = "Direct {D}oppler broadening in {M}onte {C}arlo simulations using the
                  multipole representation",
  journal = "Ann. Nucl. Energy",
  volume = 64,
  pages = "78--85",
  year = 2014,
  note = "\href{http://dx.doi.org/10.1016/j.anucene.2013.09.043}
                  {doi:10.1016/j.anucene.2013.09.043}",
}

@article{ane-romano-2013,
  author = "Paul K. Romano and Benoit Forget",
  title = "The {OpenMC} {M}onte {C}arlo Particle Transport Code",
  journal = "Ann. Nucl. Energy",
  volume = 51,
  pages = "274--281",
  year = 2013,
  note = "\href{http://dx.doi.org/10.1016/j.anucene.2012.06.040}
                  {doi:10.1016/j.anucene.2012.06.040}",
}

@techreport{lanl-macfarlane-2012,
  author = "R. E. MacFarlane and D. W. Muir and R. M. Boicourt and A. C. Kahler",
  title = "The {NJOY} Nuclear Data Processing System, Version 2012",
  institution = "Los Alamos National Laboratory",
  number = "LA-UR-12-27079",
  year = 2012,
}

@inproceedings{mc-hoogenboom-2011,
  author = "J. Eduard Hoogenboom and William R. Martin and Bojan Petrovic",
  title = "The {M}onte {C}arlo Performance Benchmark Test -- Aims,
                  Specifications and First Results",
  booktitle = "Proc. Int. Conf. Mathematics and Computational Methods Applied to
                  Nuclear Science and Engineering",
  address = "Rio de Janeiro, Brazil",
  year = 2011
}

@inproceedings{mc-horelik-2013,
  author = "Nicholas Horelik and Bryan Herman and Benoit Forget and Kord Smith",
  title = "Benchmark for Evaluation and Validation of Reactor Simulations
                  ({BEAVRS})",
  booktitle = "Proc. Int. Conf. Mathematics and Computational Methods Applied to
                  Nuclear Science and Engineering",
  address = "Sun Valley, Idaho",
  year = 2013,
}

@inproceedings{mc-viitanen-2013,
  author = "Tuomas Viitanen and Jaakko Lepp{\"{a}}nen",
  title = "Optimizing the Implementation of the Target Motion Sampling
                  Temperature Treatment Technique -- How Fast Can It Get?",
  booktitle = "Proc. Int. Conf. Mathematics and Computational Methods Applied to
                  Nuclear Science and Engineering",
  address = "Sun Valley, Idaho",
  year = 2013,
}

@inproceedings{nd-dean-2010,
  author = "C. Dean and R. Perry and R. Neal and A. Kyrieleis",
  title = "Validation of Run-time {D}oppler Broadening in {MONK} with {JEFF3.1}",
  booktitle = "International Conference on Nuclear Data for Science and
                  Technology",
  address = "Jeju Island, South Korea",
  year = 2010,
}

@article{nds-mattoon-2012,
  author = "Caleb M. Mattoon and Bret R. Beck and N. R. Patel and N. C. Summers
                  and G. W. Hedstrom and D. A. Brown",
  title = "Generalized Nuclear Data: a New Structure (with Support
                  Infrastructure) for Handling Nuclear Data",
  journal = "Nucl. Data Sheets",
  volume = 113,
  pages = "3145--3171",
  year = 2012,
  note = "\href{http://dx.doi.org/10.1016/j.nds.2012.11.008}
                  {doi:10.1016/j.nds.2012.11.008}",
}

@article{nse-cullen-1976,
  author = "Dermott E. Cullen and C. R. Weisbin",
  title = "Exact {D}oppler Broadening of Tabulated Cross Sections",
  journal = "Nucl. Sci. Eng.",
  volume = 60,
  number = 3,
  pages = "199--229",
  year = 1976,
  note = "\href{http://dx.doi.org/10.13182/NSE76-1}{doi:10.13182/NSE76-1}"
}

@article{nse-trumbull-2006,
  author = "Timothy H. Trumbull",
  title = "Treatment of nuclear data for transport problems containing detailed
                  temperature distributions",
  journal = "Nucl. Technol.",
  volume = 156,
  number = 1,
  pages = "75--86",
  year = 2006,
}

@article{nse-viitanen-2012,
  author = "Tuomas Viitanen and Jaakko Lepp{\"{a}}nen",
  title = "Explicit Treatment of Thermal Motion in Continuous-Energy {M}onte
                  {C}arlo Tracking Routines",
  journal = "Nucl. Sci. Eng.",
  volume = 171,
  number = 2,
  pages = "165--173",
  year = 2012,
  note = "\href{http://dx.doi.org/10.13182/NSE11-36}{doi:10.13182/NSE11-36}"
}

@article{nse-yesilyurt-2012,
  author = "Gokhan Yesilyurt and William R. Martin and Forrest B. Brown",
  title = "On-the-fly {D}oppler broadening for {M}onte {C}arlo codes",
  journal = "Nucl. Sci. Eng.",
  volume = 171,
  number = 3,
  pages = "239--257",
  year = 2012,
  note = "\href{http://dx.doi.org/10.13182/NSE11-67}{doi:10.13182/NSE11-67}"
}

@article{nt-trumbull-2006,
  author = "Timothy H. Trumbull",
  title = "Treatment of Nuclear Data for Transport Problems Containing Detailed
                  Temperature Distributions",
  journal = "Nucl. Technol.",
  volume = 156,
  pages = "75--86",
  year = 2006,
}

@techreport{ornl-wigner-1944,
  author = "Eugene P. Wigner and Wilkins, Jr., J. E.",
  title = "Effect of the Temperature of the Moderator on the Velocity
                  Distribution of Neutrons with Numerical Calculation for {H} as
                  the Moderator",
  institution = "Oak Ridge National Laboratory",
  number = "AECD-2275",
  year = 1944,
}

@inproceedings{physor-li-2012,
  author = "Songyang Li and Kan Wang and Ganglin Yu",
  title = "Research on Fast-{D}oppler-Broadening of Neutron Cross Sections",
  booktitle = "PHYSOR 2012 -- Advances in Reactor Physics -- Linking Research,
                  Industry, and Education",
  address = "Knoxville, Tennessee",
  year = 2012,
}

@inproceedings{physor-viitanen-2012,
  author = "Tuomas Viitanen and Jaakko Lepp{\"{a}}nen",
  title = "Explicit Temperature Treatment in {M}onte {C}arlo Neutron Tracking
                  Routines --- First Results",
  booktitle = "PHYSOR 2012 -- Advances in Reactor Physics -- Linking Research,
                  Industry, and Education",
  address = "Knoxville, Tennessee",
  year = 2012,
}

@inproceedings{snamc-brown-2013,
  author = "Forrest B. Brown and William R. Martin and Gokhan Yesilyurt and
                  S. Wilderman",
  title = "On-the-fly Neutron {D}oppler Broadening in {MCNP}",
  booktitle = "Supercomputing in Nuclear Applications and Monte Carlo",
  address = "Paris, France",
  year = 2013,
}

@inproceedings{snamc-griesheimer-2013,
  author = "David P. Griesheimer and Daniel F. Gill and Brian R. Nease and
                  Thomas M. Sutton and Mark H. Stedry and Peter S. Dobreff and
                  David C. Carpenter and Timothy H. Trumbull and Ed Caro and
                  Hansem Joo and David L. Millman",
  title = "{MC21} v.6.0 --- A Continuous-Energy {M}onte {C}arlo Particle
                  Transport Code with Integrated Reactor Feedback Capabilities",
  booktitle = "Supercomputing in Nuclear Applications and Monte Carlo",
  address = "Paris, France",
  year = 2013,
}

@inproceedings{snamc-viitanen-2013,
  author = "Tuomas Viitanen and Jaakko Lepp{\"{a}}nen",
  title = "Effect of the Target Motion Sampling Temperature Treatment Method on
                  the Statistics and Performance",
  booktitle = "Supercomputing in Nuclear Applications and Monte Carlo",
  address = "Paris, France",
  year = 2013,
}

@article{tans-brown-2012,
  author = "Forrest B. Brown and William R. Martin and Gokhan Yesilyurt and
                  S. Wilderman",
  title = "Progress with on-the-fly neutron {D}oppler broadening in {MCNP}",
  journal = "Trans. Am. Nucl. Soc.",
  volume = 106,
  pages = "708--710",
  year = 2012
}

@article{tans-dunn-2002,
  author = "M. E. Dunn and N. M. Greene",
  title = "{AMPX}-2000: A Cross-Section Processing System for Generating Nuclear
                  Data for Criticality Safety Applications",
  journal = "Trans. Am. Nucl. Soc.",
  volume = 86,
  pages = "118--119",
  year = 2002,
}